<?xml version="1.0" encoding="UTF-8"?><collection xmlns="http://www.loc.gov/MARC21/slim"><record><leader>00433nam--2200157-i-4500</leader><controlfield tag="001">000037604</controlfield><controlfield tag="002">20161230</controlfield><controlfield tag="005">20190703042255</controlfield><controlfield tag="008">060222s1000------------r-----000-0-eng-d</controlfield><datafield ind1=" " ind2=" " tag="080"><subfield code="a">621.375.826</subfield></datafield><datafield ind1=" " ind2=" " tag="245"><subfield code="a">Progress in quantum electronics. Vol. 3. Continua la reviste cu vol 4</subfield></datafield><datafield ind1=" " ind2=" " tag="260"><subfield code="a">Oxford</subfield><subfield code="b">Kpergamon Press</subfield><subfield code="c">1972</subfield></datafield><datafield ind1=" " ind2=" " tag="300"><subfield code="a">P(2/4)</subfield></datafield><datafield ind1=" " ind2=" " tag="700"><subfield code="a">Sanders, J. H</subfield></datafield><datafield ind1=" " ind2=" " tag="852"><subfield code="a">32434</subfield><subfield code="c">621.375.9</subfield></datafield><datafield ind1=" " ind2=" " tag="CAT"><subfield code="a">SYS</subfield><subfield code="c">20190703</subfield><subfield code="h">042255</subfield></datafield></record></collection>